<record xmlns='http://www.loc.gov/MARC21/slim'><leader>01420cim a22003492u 4500</leader><controlfield tag='001'>3602028</controlfield><controlfield tag='005'>20151214183017.0</controlfield><controlfield tag='007'>ss|lmnjluz|nuu</controlfield><controlfield tag='008'>991101s1988    nyunnn         l    eng d</controlfield><datafield ind1=' ' ind2=' ' tag='035'><subfield code='a'>(NIC)notisASF9093</subfield></datafield><datafield ind1=' ' ind2=' ' tag='035'><subfield code='a'>3602028</subfield></datafield><datafield ind1=' ' ind2=' ' tag='035'><subfield code='a'>(OCoLC)63898662</subfield></datafield><datafield ind1=' ' ind2=' ' tag='040'><subfield code='a'>NIC</subfield><subfield code='c'>NIC</subfield><subfield code='d'>NIC</subfield><subfield code='d'>NIC</subfield></datafield><datafield ind1='1' ind2=' ' tag='100'><subfield code='a'>Schorr, Daniel,</subfield><subfield code='d'>1916-2010.</subfield></datafield><datafield ind1='1' ind2='4' tag='245'><subfield code='a'>The presidency in the media age</subfield><subfield code='h'>[sound recording]</subfield></datafield><datafield ind1=' ' ind2=' ' tag='260'><subfield code='c'>1988.</subfield></datafield><datafield ind1=' ' ind2=' ' tag='300'><subfield code='a'>1 sound cassette (83 min.) :</subfield><subfield code='b'>analog, mono.</subfield></datafield><datafield ind1=' ' ind2=' ' tag='500'><subfield code='a'>Recorded in Ithaca, NY by Cornell University.</subfield></datafield><datafield ind1=' ' ind2=' ' tag='500'><subfield code='a'>Sponsored by: University Events (Public Affairs), Office of.</subfield></datafield><datafield ind1=' ' ind2=' ' tag='500'><subfield code='a'>Speaker(s): Senior news analyst for National Public Radio.</subfield></datafield><datafield ind1=' ' ind2=' ' tag='518'><subfield code='a'>Lecture, November 14, 1988.</subfield></datafield><datafield ind1=' ' ind2=' ' tag='520'><subfield code='a'>Schorr criticizes the role of television in politics today, focusing on Ronald Reagan&apos;s successful manipulation of television to weave his fantasies into a reality for the American public.</subfield></datafield><datafield ind1='1' ind2='0' tag='610'><subfield code='a'>United States.</subfield><subfield code='b'>President (1981-1989 : Reagan)</subfield></datafield><datafield ind1='1' ind2='0' tag='600'><subfield code='a'>Reagan, Ronald.</subfield></datafield><datafield ind1=' ' ind2='0' tag='650'><subfield code='a'>Television and politics</subfield><subfield code='z'>United States.</subfield></datafield><datafield ind1='1' ind2='7' tag='600'><subfield code='a'>Reagan, Ronald</subfield><subfield code='2'>fast</subfield><subfield code='0'>(OCoLC)fst00036392</subfield></datafield><datafield ind1=' ' ind2='7' tag='650'><subfield code='a'>Television and politics</subfield><subfield code='2'>fast</subfield><subfield code='0'>(OCoLC)fst01146689</subfield></datafield><datafield ind1=' ' ind2='7' tag='651'><subfield code='a'>United States</subfield><subfield code='2'>fast</subfield><subfield code='0'>(OCoLC)fst01204155</subfield></datafield><datafield ind1=' ' ind2='0' tag='830'><subfield code='a'>J. Eric Nordlander lectures.</subfield></datafield><datafield ind1='1' ind2=' ' tag='899'><subfield code='a'>CULectures</subfield></datafield><datafield ind1=' ' ind2=' ' tag='905'><subfield code='a'>20000321120000.0</subfield></datafield><datafield ind1='2' ind2=' ' tag='948'><subfield code='a'>20141221</subfield><subfield code='b'>m</subfield><subfield code='d'>batch</subfield><subfield code='e'>lts</subfield><subfield code='x'>addfast</subfield></datafield></record>